@article{gokhale2018introduction,
  title={Introduction to IOT},
  author={Gokhale, Pradyumna and Bhat, Omkar and Bhat, Sagar},
  journal={International Advanced Research Journal in Science, Engineering and Technology},
  volume={5},
  number={1},
  pages={41--44},
  year={2018}
}

@article{Jasim,
author = {Jasim, Yaser},
year = {2018},
month = {02},
pages = {49},
title = {Improving Intrusion Detection Systems Using Artificial Neural Networks},
volume = {7},
journal = {ADCAIJ: Advances in Distributed Computing and Artificial Intelligence Journal},
doi = {10.14201/ADCAIJ2018714965}
}

@inproceedings{sbrc_estendido,
 author = {Lucas Guimaraes and Gabriel Rebello and Felipe Fernandes and Gustavo Camilo and Lucas Souza and Danyel Santos and Luiz Oliveira and Otto Duarte},
 title = {TeMIA-NT: Monitoramento e Análise Inteligente de Ameaças de Tráfego de Rede},
 booktitle = {Anais Estendidos do XXXVIII Simpósio Brasileiro de Redes de Computadores e Sistemas Distribuídos},
 location = {Rio de Janeiro},
 year = {2020},
 keywords = {},
 issn = {2177-9384},
 pages = {57--64},
 publisher = {SBC},
 address = {Porto Alegre, RS, Brasil},
 doi = {10.5753/sbrc_estendido.2020.12402},
 url = {https://sol.sbc.org.br/index.php/sbrc_estendido/article/view/12402}
}

@INPROCEEDINGS{Djama,
  author={Djama, Adel and Djamaa, Badis and Senouci, Mustapha Reda},
  booktitle={2019 International Conference on Networking and Advanced Systems (ICNAS)}, 
  title={TCP/IP and ICN Networking Technologies for the Internet of Things: A Comparative Study}, 
  year={2019},
  volume={},
  number={},
  pages={1-6},
  doi={10.1109/ICNAS.2019.8807890}}

@article{alqahtani2013tcp,
  title={TCP/IP attacks, defenses and security tools},
  author={Alqahtani, Abdullah H and Iftikhar, Mohsin},
  journal={International Journal of Science and Modern Engineering (IJISME)},
  volume={1},
  number={10},
  pages={42--47},
  year={2013},
  publisher={Citeseer}
}

@mastersthesis{barros2018avaliaccao,
  title={Avalia{\c{c}}{\~a}o do desempenho de algoritmos de retropropaga{\c{c}}{\~a}o com redes neurais artificiais para a resolu{\c{c}}{\~a}o de problemas n{\~a}o-lineares},
  author={Barros, Victor Pedroso Ambiel and others},
  year={2018},
  school={Universidade Tecnol{\'o}gica Federal do Paran{\'a}}
}

@ARTICLE{Anthi,
  author={Anthi, Eirini and Williams, Lowri and Słowińska, Małgorzata and Theodorakopoulos, George and Burnap, Pete},
  journal={IEEE Internet of Things Journal}, 
  title={A Supervised Intrusion Detection System for Smart Home IoT Devices}, 
  year={2019},
  volume={6},
  number={5},
  pages={9042-9053},
  doi={10.1109/JIOT.2019.2926365}}

@article{CHORAS2021705,
title = {Intrusion detection approach based on optimised artificial neural network},
journal = {Neurocomputing},
volume = {452},
pages = {705-715},
year = {2021},
issn = {0925-2312},
doi = {https://doi.org/10.1016/j.neucom.2020.07.138},
url = {https://www.sciencedirect.com/science/article/pii/S0925231220319032},
author = {Michał Choraś and Marek Pawlicki},
keywords = {Cybersecurity, Artificial Neural Network, Machine learning},
}

@article{Anitha,
author = {Anitha, A Arul and Lawrence, Dr. L. Arockiam},
year = {2019},
month = {09},
pages = {2583-2588},
title = {ANNIDS: Artificial Neural Network based Intrusion Detection System for Internet of Things},
volume = {8},
journal = {International Journal of Innovative Technology and Exploring Engineering},
doi = {10.35940/ijitee.K1875.0981119}
}

@article{Otoum,
author = {Otoum, Yazan and Liu, Dandan and Nayak, Amiya},
year = {2022},
month = {03},
pages = {},
title = {DL‐IDS: a deep learning–based intrusion detection framework for securing IoT},
volume = {33},
journal = {Transactions on Emerging Telecommunications Technologies},
doi = {10.1002/ett.3803}
}

@misc{Pavlovic, 
title={An approach to adding simple interface as security gateway architecture for IoT device},
volume={20}, 
url={https://sol.sbc.org.br/journals/index.php/reic/article/view/2295}, 
number={2}, 
journal={Multimedia Tools and Applications}, 
author= {Pavlovic, Nikola and Šarac, Marko and Adamović, Saša and Saračević, Muzafer and Ahmad, Khaleel and Sharma, Deepak Kumar}, 
year={2021}, 
month={Maio}
}

@article{Gomes_2022, 
title={Aplicação de Redes Neurais com Seleção de Características para Detecção de Ataques DDoS em Ambientes IoT},
volume={20}, 
url={https://doi.org/10.1007/s11042-021-11389-8}, 
number={2}, 
journal={Revista Eletrônica de Iniciação Científica em Computação}, 
author={Lima de Carvalho Portela, Ariel and Leonardo Costa, Wanderson and Lopes Gomes, Rafael}, 
year={2022}, 
month={jun.}}

{@INPROCEEDINGS{alrawi,
  author={Alrawi, Omar and Lever, Chaz and Antonakakis, Manos and Monrose, Fabian},
  booktitle={2019 IEEE Symposium on Security and Privacy (SP)}, 
  title={SoK: Security Evaluation of Home-Based IoT Deployments}, 
  year={2019},
  volume={},
  number={},
  pages={1362-1380},
  doi={10.1109/SP.2019.00013}}
}

@misc{kitsune,
  doi = {10.48550/ARXIV.1802.09089},
  url = {https://arxiv.org/abs/1802.09089},
  author = {Mirsky, Yisroel and Doitshman, Tomer and Elovici, Yuval and Shabtai, Asaf},
  keywords = {Cryptography and Security (cs.CR), Artificial Intelligence (cs.AI), Machine Learning (cs.LG), FOS: Computer and information sciences, FOS: Computer and information sciences},
  title = {Kitsune: An Ensemble of Autoencoders for Online Network Intrusion Detection},
  publisher = {arXiv},
  year = {2018},
  copyright = {arXiv.org perpetual, non-exclusive license}
}


@INPROCEEDINGS{Shurman,
  author={Shurman, Mohammad M. and Khrais, Rami M. and Yateem, Abdulrahman A.},
  booktitle={2019 International Arab Conference on Information Technology (ACIT)}, 
  title={IoT Denial-of-Service Attack Detection and Prevention Using Hybrid IDS}, 
  year={2019},
  volume={},
  number={},
  pages={252-254},
  doi={10.1109/ACIT47987.2019.8991097}
 }

@online{IoTResearch,
    title = {IoT Analytics},
    author={Mohammad, Hasan},
    year = {2022},
    howpublished = "Disponível em: $<$https://iot-analytics.com/number-connected-iot-devices$>$,
    Acesso em: 18 07 2022",
    url = {https://iot-analytics.com/number-connected-iot-devices}
}

@article{Jeretta,
title = {The Internet of Things: Review and theoretical framework},
journal = {Expert Systems with Applications},
volume = {133},
pages = {97-108},
year = {2019},
issn = {0957-4174},
doi = {https://doi.org/10.1016/j.eswa.2019.05.014},
url = {https://www.sciencedirect.com/science/article/pii/S0957417419303331},
author = {Jeretta Horn Nord and Alex Koohang and Joanna Paliszkiewicz},
keywords = {Internet of Things, IoT, IoT literature review, IoT priorities, IoT challenges, IoT theoretical framework},
}

@book{mendes2020redes,
  title={Redes de Computadores: Teoria e Pr{\'a}tica},
  author={Mendes, D.R.},
  isbn={9786586057164},
  url={https://books.google.com.br/books?id=TWrjDwAAQBAJ},
  year={2020},
  publisher={Novatec Editora}
}

@inproceedings{naik2017cyber,
  title={Cyber security—IoT},
  author={Naik, Swapnil and Maral, Vikas},
  booktitle={2017 2nd IEEE International Conference on Recent Trends in Electronics, Information \& Communication Technology (RTEICT)},
  pages={764--767},
  year={2017},
  organization={IEEE}
}

@online{ipv6,
    title = {World IPv6 Launch},
    author={World IPv6 Launch},
    howpublished = "Disponível em: $<$http://www.worldipv6launch.org/infographic/$>$,
    Acesso em: 15 (não incluir o zero à esquerda) 07 (usar abreviações) 2022",
    url = {http://www.worldipv6launch.org/infographic/}
}

@article{zeng,
  title={A security framework for internet of things based on 4G communication},
  author={Ling-yuan Zeng},
  journal={Proceedings of 2012 2nd International Conference on Computer Science and Network Technology},
  year={2012},
  pages={1715-1718}
}

@INPROCEEDINGS{Khan,
  author={Khan, Rafiullah and Khan, Sarmad Ullah and Zaheer, Rifaqat and Khan, Shahid},
  booktitle={2012 10th International Conference on Frontiers of Information Technology}, 
  title={Future Internet: The Internet of Things Architecture, Possible Applications and Key Challenges}, 
  year={2012},
  volume={},
  number={},
  pages={257-260},
  doi={10.1109/FIT.2012.53}}

@Inbook{Shalaginov2018,
author="Shalaginov, Andrii
and Banin, Sergii
and Dehghantanha, Ali
and Franke, Katrin",
editor="Dehghantanha, Ali
and Conti, Mauro
and Dargahi, Tooska",
title="Machine Learning Aided Static Malware Analysis: A Survey and Tutorial",
bookTitle="Cyber Threat Intelligence",
year="2018",
publisher="Springer International Publishing",
address="Cham",
pages="7-45",
isbn="978-3-319-73951-9",
doi="10.1007/978-3-319-73951-9_2",
url="https://doi.org/10.1007/978-3-319-73951-9_2"
}

@INPROCEEDINGS{McCulloch,  
author={McCulloch, Warren S. and Pitts, Walter},  
title={A logical calculus of the ideas immanent in nervous activity},   
year={1943},  
volume={5},  
number={},  
pages={115–133},  
doi={10.1007/BF02478259},
url={https://doi.org/10.1007/BF02478259},
}


@INPROCEEDINGS{Jingna,  
author={Jingna, Lin},  
booktitle={2012 7th International Conference on Computer Science \& Education (ICCSE)},   title={An analysis on DoS attack and defense technology},   
year={2012},  
volume={},  
number={},  
pages={1102-1105},  
doi={10.1109/ICCSE.2012.6295258}
}

@Article{Mathur,
AUTHOR = {Mathur, Avijit and Newe, Thomas and Rao, Muzaffar},
TITLE = {Defence against Black Hole and Selective Forwarding Attacks for Medical WSNs in the IoT},
JOURNAL = {Sensors},
VOLUME = {16},
YEAR = {2016},
NUMBER = {1},
ARTICLE-NUMBER = {118},
URL = {https://www.mdpi.com/1424-8220/16/1/118},
PubMedID = {26797620},
ISSN = {1424-8220},
DOI = {10.3390/s16010118}
}

@article{goyal,
  title={A literature review of security attack in mobile ad-hoc networks},
  author={Goyal, Priyanka and Batra, Sahil and Singh, Ajit},
  journal={International Journal of Computer Applications},
  volume={9},
  number={12},
  pages={11--15},
  year={2010},
  publisher={International Journal of Computer Applications, 244 5 th Avenue,\# 1526, New~…}
}

@inproceedings{Teixeira,
author = {Teixeira, André and Pérez, Daniel and Sandberg, Henrik and Johansson, Karl Henrik},
title = {Attack Models and Scenarios for Networked Control Systems},
year = {2012},
isbn = {9781450312639},
publisher = {Association for Computing Machinery},
address = {New York, NY, USA},
url = {https://doi.org/10.1145/2185505.2185515},
doi = {10.1145/2185505.2185515},
pages = {55–64},
numpages = {10},
keywords = {cyber-physical systems, security, attack space, secure control systems},
location = {Beijing, China},
series = {HiCoNS '12}
}

@article{Milenkoski,
author = {Milenkoski, Aleksandar and Vieira, Marco and Kounev, Samuel and Avritzer, Alberto and Payne, Bryan D.},
title = {Evaluating Computer Intrusion Detection Systems: A Survey of Common Practices},
year = {2015},
issue_date = {September 2015},
publisher = {Association for Computing Machinery},
address = {New York, NY, USA},
volume = {48},
number = {1},
issn = {0360-0300},
url = {https://doi.org/10.1145/2808691},
doi = {10.1145/2808691},
month = {sep},
articleno = {12},
numpages = {41},
keywords = {workload generation, metrics, measurement methodology, Computer intrusion detection systems}
}

@INPROCEEDINGS{Stampar,  
author={Stampar, M. and Fertalj, K.},
booktitle={2015 38th International Convention on Information and Communication Technology, Electronics and Microelectronics (MIPRO)},
title={Artificial intelligence in network intrusion detection},  
year={2015},
url={https://ieeexplore.ieee.org/document/7160479},
pages={1318-1323}, 
doi={10.1109/MIPRO.2015.7160479}}

@INPROCEEDINGS{Carlin,
  author={Carlin, A and Hammoudeg, M and Aldabbas, 0},
  title={Intrusion Detection and Countermeasure of Virtual Cloud Systems - State of the Art and Current Challenges}, 
  year={2015},
  url= {https://e-space.mmu.ac.uk/id/eprint/618160},
  doi={10.14569/IJACSA.2015.060601}}

@INPROCEEDINGS{Mbarek1,
  author={Mbarek, Bacem and Meddeb, Aref and Jaballah, Wafa Ben and Mosbah, Mohamed},
  booktitle={2015 IEEE/ACS 12th International Conference of Computer Systems and Applications (AICCSA)}, 
  title={A secure authentication mechanism for resource constrained devices}, 
  year={2015},
  volume={},
  number={},
  pages={1-7},
  doi={10.1109/AICCSA.2015.7507270}}

@INPROCEEDINGS{Garg1,
  author={Garg, Akash and Maheshwari, Prachi},
  booktitle={2016 3rd International Conference on Advanced Computing and Communication Systems (ICACCS)}, 
  title={Performance analysis of Snort-based Intrusion Detection System}, 
  year={2016},
  volume={01},
  number={},
  pages={1-5},
  address={Coimbatore, India},
  doi={10.1109/ICACCS.2016.7586351}}

@INPROCEEDINGS{Tribak1,
  author={Tribak, Hind and Delgado-Márquez, Blanca L. and Rojas, P. and Valenzuela, O. and Pomares, H. and Rojas, I.},
  booktitle={2012 International Conference on Multimedia Computing and Systems}, 
  title={Statistical analysis of different artificial intelligent techniques applied to Intrusion Detection System}, 
  year={2012},
  volume={},
  number={},
  pages={434-440},
  doi={10.1109/ICMCS.2012.6320275}}

@article{Anderson,
author="ANDERSON, J. P.",
title="Computer security threat monitoring and surveillance",
journal="Technical Report, James P. Anderson Company",
year="1980",
URL="https://cir.nii.ac.jp/crid/1573950399661362176"
}

@BOOK{RCTanenbaum,
author={Stuart Tanenbaum, Andrew and David J. Wetherall},
title={Rede de Computadores. 5ª ed},
furtherresp={Traduzido por Daniel Vieira},
publisher={Pearson},
isbn={9788576059240},
year={2011},
address={São Paulo},
pages={19}
}

@BOOK{CiscoSecurity,
author={Burton, James and Dubrawsky, Ido and Osipov, Vitaly and C. Tate, Baumrucker},
title={Cisco Security Professional's Guide to Secure Intrusion Detection Systems. 1ª ed},
publisher={Syngress},
isbn={1932266690},
chapter={Cisco Intrusion Detection},
year={2003},
address={Rockland, Massachusetts},
}

% exemplos de referencias

@book{Simon,
  title={Redes neurais Principios e prática. Tradução: Paulo Martins Engel},
  author={Haykin, Simon},
  translator = {Denise Bottmann},
  isbn={9781417642595},
  url={http://books.google.com/books?id=W-xMPgAACAAJ},
  year={2001},
  publisher={Bookman}
}

@book{examplebook,
  title={Título do livro em italico},
  author={Sobrenome, Nome},
  isbn={9781417642595},
  url={http://books.google.com/books?id=W-xMPgAACAAJ},
  year={2016},
  publisher={Editora}
}

@book{exampleRogerCitacao,
  title={Título Desconhecido},
  author={Bacon, Roger},
  isbn={123456789},
  year={1270},
  publisher={Sem Editora}
}

@inbook{exampleinbook,
  title={Título do livro},
  chapter={Título do capítulo},
  author={Sobrenome, Nome},
  year={2016},
  publisher={Editora}
}

@phdthesis{examplephdthesis,
  title={Título: subtítulo},
  author={Sobrenome, Nome},
  school={Departamento acadêmico, Universidade},
  year={2016}
}

@online{exampleonline,
    title = {Título},
    author={Sobrenome, Nome},
    howpublished = "Disponível em: $<$http://example.com$>$,
    Acesso em: dia (não incluir o zero à esquerda) mês (usar abreviações) ano",
    url = {http://example.com}
}